@online{django_doc,
author={django},
title={Django Documentation},
url={https://docs.djangoproject.com/fr/2.0/},
}

@online{Git,
author={git-scm},
title={Git Basics Tagging},
url={https://git-scm.com/book/en/v2/Git-Basics-Tagging
},
}

@article{gruber,
    author =       "Gruber, T. R",
    title =        "A Translation Approach to Portable Ontology Specifications",
    journal =      "Computer Science Department, Standofrd University",
    year =         "1993",
}
