% Encoding: UTF-8

@Misc{APAM,
  author = {Stéphane Chauvier},
  title  = {{Éthique artificielle}},
  month  = {Juillet},
  year   = {2016},
  note   = {[en ligne] \href{http://encyclo-philo.fr/ethique-artificielle-a/}{\texttt{http://encyclo-philo.fr/ethique-artificielle-a/}} [consulté le 25/03/18]},
}

@article{artificialMorality,
	author={Colin Allen AND Iva Smit AND Wendell Wallach},
	journal={{Ethics and Information Technology}},
	title={{Artificial morality: Top-down, bottom-up, and hybrid approaches}},
	year={2005},
	note={[en ligne] \url{https://link.springer.com/content/pdf/10.1007\%2Fs10676-006-0004-4.pdf} [consulté le 25/03/18]}
}

@Misc{rapportCNIL,
  author = {CNIL},
  title  = {{Comment permettre à l'Homme de garder la main ? Les enjeux éthiques des algorithmes et de l’intelligence artificielle}},
  month  = dec,
  year   = {2017},
  note   = {[en ligne] \href{http://encyclo-philo.fr/ethique-artificielle-a/}{\texttt{http://encyclo-philo.fr/ethique-artificielle-a/}} [consulté le 25/03/18]},
}

@misc{ethicsForMachines,
	author={John Storrs Hall},
	title={{Ethics for machines}},
	year={2000},
	note={[en ligne] \url{http://autogeny.org/ethics.html} [consulté le 09/04/18]}
}

@misc{ethicsAI,
	author={Nick Bostrom},
	title={{The Ethics of Artificial Intelligence}},
	year={2011},
	note={[en ligne] \url{http://faculty.smcm.edu/acjamieson/s13/artificialintelligence.pdf} [consulté le 09/04/18]}
}

@misc{franceIA,
	author={France IA},
	title={{Rapport de synthèse : France Intelligence Artificielle}},
	year={2017},
	note={[en ligne] \url{https://www.economie.gouv.fr/files/files/PDF/2017/Conclusions\_Groupes\_Travail\_France\_IA.pdf} [consulté le 09/04/18]}
}

@misc{ethicsAlgo,
	author={Yves Caseau},
	month={Mars},
	year={2017},
	title={{Regulation of Emergence and Ethics of Algorithms}},
	note={[en ligne] \url{https://informationsystemsbiology.blogspot.fr/2017/03/regulation-of-emergence-and-ethics-of.html} [consulté le 09/04/18]}
}

@Misc{algoResponsable,
  author = {Hubert Guillaud},
  title  = {{Comment rendre les algorithmes responsables ?}},
  month  = {Novembre},
  year   = {2016},
  note   = {[en ligne] -- traduction : \url{http://www.internetactu.net/a-lire-ailleurs/comment-rendre-les-algorithmes-responsables/?utm\_source=feedburner&utm\_medium=email&utm\_campaign=Feed%3A+internetactu%2FbcmJ+%28InternetActu.net%29} [consulté le 09/04/18] ; original : \url{https://www.technologyreview.com/s/602933/how-to-hold-algorithms-accountable/} [consulté le 09/04/18]},
}

@misc{moralMachine,
	author={MIT Media Lab},
	title={{Moral Machine}},
	year={2016},
	note={[en ligne] \url{http://moralmachine.mit.edu/hl/fr} [consulté le 09/04/18]}
}

@misc{missionVillani,
	author={Cédric Villani},
	title={{Donnons un sens à l'intelligence artificielle : pour une stratégie nationale et européenne}},
	month={Mars},
	year={2018},
	note={[en ligne] \url{https://www.aiforhumanity.fr/pdfs/9782111457089_Rapport_Villani_accessible.pdf} [consulté le 09/04/18]}
}

@misc{ethicalAlgorithms,
	author={Matthieu Cherubini},
	title={{Ethical Autonomous Algorithms}},
	month={January},	
	year={2017},
	note={[en ligne] \url{https://medium.com/@mchrbn/ethical-autonomous-algorithms-5ad07c311bcc} [consulté le 09/04/18]}
}

@misc{tedIyad,
	author={Iyad Rahwan},
	title={{TEDxCambridge - What moral decisions should driverless cars make?}},
	year={2016},
	note={[en ligne] \url{https://www.ted.com/talks/iyad_rahwan_what_moral_decisions_should_driverless_cars_make/up-next} [consulté le 09/04/18]}
}

@Misc{minEco,
  author = {{Direction Générale du Trésor du Ministère de l'Économie et des Finances}},
  title  = {{Étude comparative internationale : Le soutien à la voiture connectée dans 8 pays}},
  note   = {[en ligne] \url{https://www.tresor.economie.gouv.fr/Articles/2017/08/07/etude-comparative-internationale-la-voiture-connectee-etat-des-lieux-du-marche\\-et-des-moyens-mis-en-oeuvre-par-les-pouvoirs-publics-pour-encadrer-le\\-developpement-de-la-filiere-dans-huit-pays} [consulté le 07/04/18]},
}

@Misc{numeramaRetrospectiveVA,
  author       = {Corentin Durand},
  title        = {{Voiture autonome : Où en sont les constructeurs ? (Google, Tesla, Volvo, Renault…)}},
  howpublished = {Numerama},
  month        = mar,
  year         = {2016},
  note         = {Disponible à l'adresse : \url{https://www.numerama.com/tech/151474-voitures-autonomes-tout-savoir-sur-lautomobile-du-futur.html}},
}

@Misc{idrac,
  author = {Anne-Marie IDRAC},
  title  = {Développement des véhicules autonomes : orientations stratégiques pour l’action publique},
  month  = may,
  year   = {2018},
  note   = {\url{https://www.ecologique-solidaire.gouv.fr/sites/default/files/2018.05.14_rapport_vehicules_autonomes.PDF}},
}

@Misc{lettreNHTSATesla,
  author = {{National Highway Traffic Safety Administration}},
  title  = {Lettre d'audit adressée à Tesla},
  month  = jul,
  year   = {2016},
  note   = {\url{https://www.consumerreports.org/content/dam/cro/news_articles/cars/NHTSA-letter-to-Tesla-autopilot.pdf}},
}

@Misc{consumerReports,
  author       = {{Consumer Reports}},
  title        = {{Tesla's Autopilot: Too Much Autonomy Too Soon}},
  howpublished = {Consumer Reports},
  month        = jul,
  year         = {2016},
  note         = {\url{https://www.consumerreports.org/tesla/tesla-autopilot-too-much-autonomy-too-soon/}},
}

@Misc{elonOnPublicTransportation,
  author       = {Aarian Marshall},
  title        = {{Elon Musk Reveals His Awkward Dislike of Mass Transit}},
  howpublished = {Wired},
  month        = dec,
  year         = {2017},
  note         = {\url{https://www.wired.com/story/elon-musk-awkward-dislike-mass-transit/}},
}

@Misc{kalanick,
  author       = {Rosamond Hutt},
  title        = {{Uber CEO Travis Kalanick: soon, nobody will own a car}},
  howpublished = {World Economic Forum},
  month        = jun,
  year         = {2016},
  note         = {\url{https://www.weforum.org/agenda/2016/06/uber-travis-kalanick-driverless-cars}},
}

@Misc{drivingIllegalBy2030,
  author       = {Jay Samit},
  title        = {{Driving a car will be illegal by 2030}},
  howpublished = {Wired},
  month        = jan,
  year         = {2016},
  note         = {\url{https://www.wired.co.uk/article/driving-cars-illegal-2030}},
}

@Misc{billGates,
  author       = {Bill Gates},
  title        = {Bill Gates Invites You to “Ask Me Anything”},
  howpublished = {Youtube},
  month        = mar,
  year         = {2016},
  note         = {\url{https://youtu.be/GTXt0hq_yQU?t=13s}},
}

@Misc{timelineSelfDrivingCars,
  author       = {Johana Bhuiyan},
  title        = {The complete timeline to self-driving cars},
  howpublished = {Recode},
  month        = may,
  year         = {2016},
  note         = {\url{https://www.recode.net/2016/5/16/11635628/self-driving-autonomous-cars-timeline}},
}

@Misc{bathoRapport,
  author = {Delphine Batho},
  title  = {Rapport d'information sur l’offre automobile française dans une approche industrielle, énergétique et fiscale},
  month  = oct,
  year   = {2016},
}

@Article{linWhyEthics,
  author  = {Patrick Lin},
  title   = {{Why Ethics Matters for Autonomous Cars}},
  journal = {Autonomes Fahren},
  year    = {2015},
}

@Misc{reponseValls,
  author = {Manuel Valls},
  title  = {Réponse au référé "L'action de l'État pour le développement des transports intelligents"},
  month  = apr,
  year   = {2016},
}

@Misc{courDesComptes,
  author = {{Cour des comptes}},
  title  = {Référé "L'action de l'État pour le développement des transports intelligents"},
  month  = feb,
  year   = {2016},
}

@Misc{googleMonthlyReports,
  author = {Google},
  title  = {{Google Self-Driving Car Project Monthly Report}},
  note   = {\url{https://static.googleusercontent.com/media/www.google.com/en//selfdrivingcar/files/reports/report-mmaa.pdf} ou \texttt{mmaa} est à remplacer par les numéro de mois et d'années},
}

@Misc{billetAffordance,
  author = {Olivier Ertzscheid},
  title  = {{La voiture autonome : pourquoi nous avons besoin d'une \#MoralTech}},
  month  = oct,
  year   = {2016},
  note   = {\url{http://affordance.typepad.com/mon\_weblog/2016/10/voiture-autonome-moral-tech.html}},
}

@Article{moorDecisions,
  author  = {James Moor},
  title   = {Are there decission computers should never make},
  journal = {Nature and system},
  year    = {1985},
}

@Article{artifactsPolitics,
  author  = {Langdon Winner},
  title   = {Do Artifacts Have Politics?},
  journal = {The MIT Press on behalf of American Academy of Arts \& Sciences},
  year    = {1980},
}

@Article{politiqueArtefacts,
  author  = {Sylvain Lavelle},
  title   = {Politiques des artefacts. Ce que les choses font et ne font pas.},
  journal = {Cités},
  year    = {2009},
}

@Misc{retourAgentivité,
  author = {Louis Quéré},
  title  = {Retour sur l’agentivité des objets},
  year   = {2015},
}

@Article{verbeek,
  author  = {Peter-Paul Verbeek},
  title   = {Design Ethics and the Morality of Technological Artifacts},
  journal = {Philosophy and Design},
  year    = {2008},
}

@Misc{newYorker,
  author       = {Maria Konnikova},
  title        = {The Hazards of Going on Autopilot},
  howpublished = {The New-Yorker},
  month        = sep,
  year         = {2014},
  url          = {https://www.newyorker.com/science/maria-konnikova/hazards-automation},
}

@Comment{jabref-meta: databaseType:bibtex;}
